2014 2736
975 179 1011 209 10

127 271 182 292 sua
207 261 250 301 tll
276 262 293 291 2
318 261 415 302 praef.
439 262 556 303 11Υ111
582 262 647 302 ipse
672 272 796 302 quoque
821 263 973 293 minorum
998 264 1139 303 gentium
1165 274 1233 295 esse
1265 263 1462 296 iudicaverit.
1494 274 1562 295 eum
1595 274 1665 295 eum
1698 263 1727 295 in
1757 264 1847 306 primi

127 312 292 343 voluminis
317 313 514 353 praefatione
538 313 578 343 ab
603 313 788 353 optimorum
813 313 954 345 codicum
986 315 1180 355 praestantia
1214 315 1356 356 proxime
1386 315 1497 346 abesse
1529 315 1693 347 censuerit.
1740 316 1848 356 Neque

127 363 238 394 melius
262 363 302 394 de
325 374 362 394 eo
386 364 536 395 iudicium
563 364 637 394 feeit
661 364 884 396 siemonsonusa
908 366 1049 403 (Quaest.
1075 366 1147 397 Luc.
1174 365 1358 397 lladersleb.
1384 366 1489 406 Progr.
1516 366 1616 400 186³).
1662 367 1848 406 Quicunque

125 418 230 445 autem
256 415 361 445 varias
385 415 532 446 librorum
558 415 639 445 inter
662 426 695 446 se
719 417 888 447 contulerit
916 417 1097 457 scripturas.
1129 417 1157 447 ei
1190 417 1284 447 facile
1317 416 1484 457 apparebit
1515 427 1621 448 omnes
1651 416 1777 448 codices
1807 418 1848 448 ab

127 475 186 496 uno
211 465 373 497 duobusve
397 467 485 497 libris
510 476 602 497 manu
627 466 753 507 scriptis
777 471 861 498 ortos
886 478 962 500 esse.
986 468 1017 498 in
1041 468 1155 507 quilius
1172 468 1233 499 iam
1252 467 1365 498 iniuria
1383 468 1532 508 temporis
1549 468 1700 509 opuscula
1717 468 1848 499 Luciani

124 526 183 546 non
215 516 415 549 mediocriter
446 517 620 557 depravata
653 522 750 549 erant.
804 519 851 549 De
884 519 1004 550 ratione
1036 523 1151 551 autem.
1185 529 1265 559 quae
1290 519 1370 549 inter
1394 529 1501 550 omnes
1524 519 1649 550 codices
1674 519 1848 551 Lucianeos

124 566 270 598 videatur
295 567 498 599 intercedere.
523 568 759 599 Maximilianus
783 569 1003 600 Rothsteinius
1027 569 1168 609 (Quaest.
1193 570 1266 601 Luc.
1291 569 1391 600 Berol.
1415 570 1507 610 1⁸88)
1531 569 1680 601 disseruit
1704 570 1757 601 ille
1781 571 1848 610 qui—

124 617 204 654 dem,
237 629 292 649 nec
317 623 420 649 tamen
445 629 514 649 eam
539 619 755 659 quaestionem
780 620 927 651 absolvit.
974 621 1084 660 Neque
1108 630 1181 651 vero
1204 620 1295 651 nobis
1318 620 1376 651 hoc
1400 620 1468 651 loco
1492 620 1525 651 id
1548 631 1659 652 munus
1688 621 1847 662 suscipere

124 668 152 698 in
177 669 280 700 animo
305 675 361 701 est.
384 669 439 701 sed
463 669 502 700 (10
527 680 584 700 11011
609 670 703 701 nullis
727 670 804 701 locis
827 669 1026 710 disseremus,
1050 670 1132 702 unde
1156 671 1299 712 intellegi
1324 681 1415 712 posse
1440 675 1584 712 putemus
1609 672 1724 704 iniuste
1742 672 1847 703 facere

122 730 184 757 eos,
207 721 258 760 qui
285 720 424 752 codicem
449 720 663 752 Gorlicensem
687 721 729 752 ad
753 722 850 752 verba
874 722 1037 763 scriptoris
1060 721 1279 753 constituenda
1305 722 1420 754 nullius
1444 733 1513 754 esse
1529 723 1677 754 momenti
1698 723 1848 763 iudicent,

122 781 312 811 quamquam
337 772 423 802 illum
448 782 508 803 non
533 782 570 804 ea
594 772 689 804 laude
713 772 844 813 dignum
868 783 937 805 esse
962 772 1124 805 fatendum
1151 777 1207 805 est.
1235 783 1329 813 quam
1353 774 1381 804 ei
1413 777 1633 805 concesserunt
1657 774 1847 806 Iacobitzius

121 827 152 852 et
176 823 377 854 Fritzscliius.

272 874 316 905 Ac
342 874 475 914 primum
499 874 627 914 quidem
652 874 820 907 videamus
843 886 914 906 eum
938 875 1048 915 locum,
1072 876 1124 916 qui
1149 879 1197 907 est
1221 876 1478 915 80111113325,
1500 876 1554 907 ubi
1572 876 1737 908 Lucianus.
1760 880 1846 917 post-

121 935 213 964 quam
239 930 360 965 patrem
385 924 566 957 decrevisse
590 927 739 965 narravit,
763 930 797 957 ut
820 926 903 957 filius
927 927 1114 958 statuariam
1142 930 1242 958 artem
1270 926 1524 967 amplecteretur,
1554 927 1599 958 ita
1631 928 1750 967 pergit:
1783 924 1846 968 ἅμα

121 988 153 1007 τε
180 969 240 1005 οὖν
264 974 448 1018 ἐπιτήδειος
471 975 577 1008 ἐδόκει
603 975 703 1018 ἡμέρα
726 978 841 1019 τέχνης
864 975 1071 1018 ἐνάρχεσθαι,
1095 974 1187 1018 κάγώ
1210 972 1440 1019 παρεδεδόμην
1462 979 1511 1018 τῷ
1542 978 1625 1018 θείῳ
1647 976 1691 1018 Ιιιά
1714 976 1775 1009 τὸν
1799 973 1846 1009 Ai'

119 1023 161 1057 ου’
186 1025 313 1066 σφόδρα
337 1029 385 1067 τῷ
409 1025 575 1068 πράγματι
600 1024 796 1069 ἀχθόμενος,
828 1024 911 1060 ἀλλά
936 1040 991 1070 μοι
1024 1029 1079 1060 καὶ
1109 1027 1246 1060 παιδιάν
1277 1039 1350 1060 τινα
1379 1025 1441 1059 οὐκ
1469 1024 1595 1070 ἀτερπῆ
1625 1027 1729 1060 ἐδόκει
1762 1027 1846 1069 ἔχειν

118 1079 171 1108 καὶ
203 1076 287 1118 πρὸς
317 1076 396 1115 τοὺς
428 1074 604 1120 ἡλικιώτας
636 1078 802 1118 ἐπίδειξιν,
834 1079 861 1110 εἰ
890 1080 1071 1121 ᾳαιιόίμην
1101 1077 1203 1117 θεούς
1233 1091 1268 1110 τε
1299 1077 1438 1120 γλύφων
1468 1080 1521 1110 καὶ
1554 1076 1741 1120 άγαλμάτιά
1772 1091 1846 1111 τινα

116 1127 215 1169 μικρὰ
239 1128 498 1170 κατασκευάζων
521 1129 653 1171 ἐμαυτῷ
678 1142 710 1161 τε
736 1126 912 1170 κάκείνοις,
935 1127 984 1168 οἷς
1006 1128 1236 1171 προῃρούμην.
1277 1130 1329 1161 καὶ
1356 1128 1394 1161 τό
1419 1141 1452 1170 γε
1482 1132 1623 1170 πρῶτον
1653 1130 1762 1161 ἐκεῖνο
1790 1131 1845 1161 καὶ

122 1178 267 1220 aii-029&
291 1186 362 1218 τοῖς
387 1177 579 1221 ἀρχομένοις
609 1181 766 1221 ἐγίγνετο.
812 1181 1056 1220 Insequentibus
1086 1181 1192 1212 verbis
1220 1181 1350 1222 exponit
1381 1181 1540 1222 imperitia
1570 1191 1627 1212 sua
1658 1185 1690 1212 et
1719 1182 1845 1213 inscitia

118 1232 194 1261 iram
219 1232 363 1272 magistri
387 1231 468 1263 adeo
492 1242 525 1263 se
550 1232 751 1263 excitavisse.
775 1235 809 1263 ut
833 1232 953 1263 scutica
977 1232 1018 1263 ab
1042 1242 1078 1263 eo
1102 1232 1288 1263 verberatus
1312 1231 1388 1272 fuga
1414 1232 1548 1263 salutem
1565 1235 1689 1273 peteret
1705 1232 1845 1263 domum-

117 1292 177 1322 que
202 1282 328 1314 rediret.
374 1283 408 1313 In
440 1283 653 1324 proponendis
685 1282 748 1313 illis
780 1283 894 1314 verbis.
926 1282 966 1314 de
998 1283 1112 1323 quibus
1145 1282 1338 1321 disserimus,
1368 1283 1579 1314 Jacobitzinm
1610 1289 1736 1314 secutus
1768 1293 1844 1316 suin.

117 1343 207 1372 quem
233 1345 270 1364 ex
295 1334 403 1374 signis.
428 1335 542 1374 quibus
566 1335 597 1365 in
621 1334 857 1375 distinguendis
880 1335 986 1366 verbis
1009 1345 1089 1367 usus
1107 1339 1164 1366 est.
1188 1346 1224 1367 ea
1249 1335 1293 1365 ita
1318 1335 1519 1376 interpretari
1544 1335 1756 1376 colligendum
1787 1339 1843 1367 est.

116 1388 149 1414 ut
178 1384 374 1424 significent:
398 1385 472 1424 kVix
497 1385 629 1416 idonens
653 1385 730 1424 dies,
754 1396 814 1425 quo
839 1389 908 1417 arte
932 1386 1097 1419 imbuerer.
1121 1386 1233 1417 adesse
1258 1386 1434 1419 videbatur.
1465 1396 1534 1417 cum
1558 1387 1666 1417 statim
1691 1386 1736 1420 ‹id
1760 1387 1843 1418 enim

116 1435 427 1476 plusquamperfecto
451 1435 681 1477 παρεδεδόμην
704 1437 914 1477 significatur]
939 1438 1093 1469 avunculo
1117 1437 1254 1469 traditus
1275 1448 1341 1469 sum
1360 1437 1447 1469 haud
1462 1438 1612 1478 graviter.
1629 1438 1744 1476 hercle,
1761 1438 1842 1469 hanc

116 1497 178 1517 rem
204 1487 316 1519 ferens.
340 1488 457 1528 quippe
482 1498 564 1528 quae
588 1498 646 1518 non
672 1488 874 1520 mediocriter
897 1500 946 1520 me
970 1489 1065 1520 etiam
1091 1489 1199 1519 iuvare
1223 1499 1314 1530 posse
1343 1493 1374 1520 et
1405 1488 1530 1520 laudem
1562 1488 1639 1519 mihi
1671 1489 1843 1519 amicorum

115 1542 335 1578 ccnnparatura
360 1549 428 1570 esse
453 1539 624 1578 videretur,
648 1540 673 1569 si
698 1544 729 1570 et
753 1539 830 1571 deos
854 1540 1029 1581 sculperem
1054 1544 1085 1571 et
1109 1540 1277 1571 simulacra
1306 1539 1463 1580 quaedam
1494 1550 1592 1580 parva
1625 1540 1842 1571 concinnarent

113 1599 181 1620 enm
206 1589 282 1620 mihi
307 1590 367 1630 ipsi
391 1594 455 1621 111111
481 1591 527 1622 eis
551 1591 665 1631 quibus
689 1591 812 1622 vellem.
858 1592 962 1632 Atque
986 1595 1052 1623 tum
1077 1591 1204 1631 quidem
1228 1590 1316 1624 illud.
1348 1591 1431 1631 quod
1464 1591 1596 1631 prinmm
1629 1595 1660 1621 et
1691 1591 1841 1622 usitatum

113 1640 268 1672 tironibus
292 1641 419 1672 evenire
443 1642 532 1679 solet,
556 1642 632 1672 mihi
658 1641 794 1673 accidit?
840 1642 923 1673 Illud
947 1654 992 1675 τε.
1024 1642 1107 1682 quod
1139 1642 1315 1683 particulae
1347 1639 1411 1682 ἅμα
1443 1642 1632 1673 adnectitur.
1663 1645 1765 1672 utrum
1796 1642 1841 1672 ita

113 1692 361 1733 intellegendum
386 1694 435 1732 sit,
459 1697 494 1724 ut
517 1704 553 1725 eo
578 1693 657 1725 haec
681 1694 841 1725 sententia
864 1704 933 1725 cum
966 1693 1168 1725 antecedenti
1201 1694 1418 1733 coniungatur.
1448 1704 1486 1724 an
1516 1693 1559 1723 ita
1591 1693 1705 1733 potius,
1736 1696 1770 1723 ut
1799 1691 1841 1723 ad

110 1744 161 1773 καὶ
188 1744 376 1784 particulam
400 1755 481 1784 quae
505 1745 647 1784 sequitur
686 1745 852 1785 respiciat,
883 1745 1042 1776 dubitatio
1074 1755 1142 1776 esse
1172 1748 1285 1786 potest.
1331 1745 1440 1784 Neque
1472 1744 1553 1775 enim
1585 1754 1653 1774 raro
1685 1743 1840 1774 Lucianns

114 1795 269 1834 particula
294 1807 326 1826 τε
351 1796 451 1826 11111111·
475 1806 534 1827 non
558 1795 599 1827 ad
632 1796 774 1836 singulas
808 1806 909 1828 voces.
942 1796 997 1827 sed
1029 1796 1069 1827 ad
1101 1800 1185 1827 totas
1216 1796 1391 1827 sententias
1422 1796 1503 1826 inter
1533 1805 1565 1825 sc
1596 1793 1841 1834 coniungendas.

112 1855 203 1884 quem
236 1845 362 1877 dicendi
400 1857 487 1877 usum
520 1858 559 1878 ex
592 1848 753 1879 veteribus
786 1848 994 1888 scriptoribus
1026 1848 1054 1878 in
1088 1848 1196 1888 primis
1227 1846 1398 1878 'rhuvididi
1431 1850 1594 1886 acceptum
1625 1845 1841 1876 atticissantes

111 1896 280 1936 scriptores
304 1896 439 1927 libenter
463 1898 552 1937 sequi
570 1897 753 1929 Sclimidius
777 1897 871 1929 docet
888 1898 1057 1938 (Atticism.
1076 1899 1086 1928 I
1110 1899 1175 1929 179.
1195 1898 1222 1928 ll
1240 1899 1310 1930 3119,
1327 1898 1372 1928 111
1391 1900 1474 1937 31311,
1497 1907 1588 1936 quem
1613 1901 1716 1927 tamen
1739 1897 1838 1927 virum

112 1946 237 1977 doctum
263 1947 302 1978 de
319 1948 477 1979 Lucianeo
502 1948 594 1979 liuius
619 1949 796 1990 particulae
821 1960 878 1980 usu
902 1949 987 1980 nulla
1014 1949 1118 1980 facere
1143 1949 1239 1980 verba
1263 1949 1374 1979 mirum
1391 1959 1466 1979 sane
1483 1951 1548 1985 est3
1572 1947 1685 1978 narnis
1702 1947 1839 1988 01111111--

110 1997 275 2037 syndetiea
308 2009 401 2038 quam
426 2004 540 2030 vocant
566 2000 730 2031 verborum
756 2001 976 2032 coniunctione
1000 2000 1209 2031 libentissime
1233 2000 1332 2030 utitur
1355 2004 1386 2030 et
1410 1998 1451 2030 ad
1468 1998 1571 2040 *verba
1597 1998 1839 2039 polysyndetiee

110 2049 329 2089 coniungenda
354 2050 454 2090 ipsam
479 2051 565 2081 illam
592 2052 781 2091 particulam
805 2064 839 2083 τε
871 2052 901 2082 111
933 2052 1076 2082 omnibns
1108 2052 1197 2082 libris
1228 2051 1342 2082 ceteris
1372 2054 1436 2080 tam
1470 2050 1601 2089 largiter
1632 2048 1774 2082 adhibet.
1805 2055 1838 2080 ut

110 2101 307 2130 mirationem
332 2111 408 2131 sane
432 2106 560 2132 moveat
585 2103 710 2134 Zeuxis.
734 2103 851 2144 quippe
869 2104 898 2133 in
918 2113 978 2143 quo
996 2103 1104 2133 libello
1121 2113 1160 2133 nc
1177 2102 1273 2133 semel
1291 2101 1417 2141 quidem
1435 2101 1514 2131 baec
1531 2101 1687 2141 particula
1705 2101 1838 2141 legatur.

109 2151 205 2181 (fuius
230 2152 273 2182 rei
298 2161 370 2182 num
395 2162 490 2183 eausa
515 2164 551 2183 ea
576 2154 625 2184 sit.
650 2154 733 2193 quod
759 2164 819 2194 qua
845 2158 952 2185 aetate
978 2155 1003 2185 is
1027 2154 1153 2185 libellus
1180 2153 1316 2193 scriptus
1347 2156 1395 2183 est
1425 2162 1462 2183 ea
1493 2152 1600 2183 rhetor
1631 2152 1691 2182 iam
1724 2162 1836 2183 novum

109 2201 267 2232 scribendi
291 2213 391 2242 genus
415 2203 581 2244 amplexus
606 2210 673 2235 erat
699 2206 749 2238 (et.
777 2205 952 2236 llotlistein.
977 2206 1033 2243 Qu.
1058 2205 1090 2235 L.
1116 2206 1196 2236 1181.
1219 2203 1334 2234 dubius
1358 2213 1433 2233 sum.
1479 2203 1587 2233 Altera
1612 2208 1717 2234 autem
1743 2203 1838 2234 inter-

110 2252 254 2291 pretandi
280 2254 369 2284 ratio.
394 2264 456 2294 qua
480 2255 668 2295 particulam
694 2268 722 2286 τι
753 2257 931 2296 insequenti
956 2256 1132 2297 particulae
1156 2256 1208 2286 καὶ
1233 2254 1422 2296 respondere
1439 2264 1612 2286 censemus.
1628 2255 1730 2295 magis
1747 2255 1837 2285 nobis

109 2303 239 2333 arridet.
286 2304 409 2335 Etenim
436 2308 508 2336 nota
534 2308 564 2335 et
591 2306 727 2337 Luciam]
753 2318 876 2347 quoque
902 2308 1019 2338 usitata
1044 2310 1092 2337 est
1115 2317 1152 2338 ea
1181 2306 1261 2337 duas
1292 2306 1466 2337 sententias
1498 2306 1663 2345 particulis
1688 2302 1836 2346 ἅμα-καὶ

107 2353 274 2384 ladliibitis
297 2356 507 2395 coniungendi
532 2357 623 2388 ratio.
647 2368 708 2396 qua
733 2357 813 2389 duas
837 2369 887 2390 res
910 2358 1019 2389 eodem
1052 2358 1116 2389 fere
1148 2360 1287 2398 tempore
1320 2357 1385 2387 tieri
1419 2357 1622 2397 exprimatur.
1653 2356 1706 2387 ubi
1737 2367 1837 2388 sermo

108 2404 233 2435 {latinus
257 2406 474 2437 coniunctimie
499 2417 568 2438 cum
593 2408 692 2438 utitur
717 2408 811 2448 idqiie
837 2409 890 2439 illo
915 2419 993 2441 eum.
1017 2408 1100 2448 quod
1124 2409 1284 2439 inversum
1309 2407 1374 2438 fere
1398 2407 1522 2439 dieitur.
1569 2408 1662 2439 Velut
1687 2408 1765 2439 Tim.
1789 2408 1836 2438 20.

107 2456 159 2493 (δι’),
192 2457 229 2485 ῐῖῖ
256 2456 403 2496 leguntur
428 2457 524 2489 haee:
556 2454 620 2498 ἅμα
644 2460 726 2499 701'1·
751 2459 868 2490 ἔπεσι-ι’
892 2456 910 2501 ἡ
937 2456 1092 2500 iamin-fg.
1124 2455 1216 2500 κάγώ
1246 2455 1307 2499 ἧδι]
1340 2454 1609 2500 [ἔνακηριῗττοιιιαι
1645 2456 1836 2500 νενικηκώς,
