2014 2736
1045 205 1064 235 sl

186 287 438 330 coniungendam
464 298 547 320 esse:
570 281 768 329 ὑπηύλησας
791 289 830 328 τῇ
857 289 1051 320 Πανδιονίδι
1069 289 1124 320 καὶ
1141 287 1277 330 νικήσας
1294 292 1347 326 (sc.
1365 289 1401 319 iv
1425 300 1463 328 τῃ
1489 287 1681 320 Πανδιονίδι
1708 283 1914 330 ὑπηύλησας)

187 340 224 372 ἐν
240 342 288 381 τῷ
306 340 425 372 Αἴαντι
445 341 494 381 τῷ
514 339 650 380 ἐμμανεῖ
673 364 677 369 .
704 365 709 370 .
735 364 750 373 .,
775 335 886 376 οὐδεὶς
903 333 942 382 ἦν
958 352 986 370 κ.
1004 352 1031 371 τ.
1050 343 1076 371 λ.
1124 340 1209 371 Haec
1234 341 1315 371 enim
1341 339 1467 371 videtur
1491 340 1520 370 in
1546 340 1609 371 illis
1634 340 1738 370 verbis·
1762 340 1919 370 sententia

188 391 309 423 inesse:
332 391 533 423 Timotheum
558 401 627 422 eum
652 401 691 422 ex
716 391 820 432 patria
845 392 967 423 venerit
993 392 1106 422 nemini
1131 392 1291 431 cognitum
1318 392 1449 432 primum
1474 396 1574 422 artem
1604 401 1691 421 snam
1723 391 1920 432 praestitisse

189 443 218 474 in
244 442 421 484 tragoedia,
445 452 526 483 quae
549 453 568 473 a
592 441 754 473 Pandione
779 442 833 473 illo
856 453 930 482 rege
955 453 1066 474 nomen
1090 446 1243 475 traxerat.
1267 448 1296 473 et
1322 443 1473 474 victorem
1491 442 1646 474 evasisse:
1671 452 1803 482 eumque
1822 442 1921 473 victor

187 493 304 525 deinde
327 494 357 525 in
374 494 472 525 Aiace
496 493 610 524 iterum
641 494 670 524 in
704 493 863 535 publicum
898 494 1060 535 prodierit.
1091 495 1152 526 iam
1177 494 1321 525 omnibus
1346 504 1455 525 nomen
1481 494 1549 525 eius
1572 498 1678 525 notum
1704 494 1815 526 fuisse:
1848 489 1921 526 ἀλλ’

188 541 261 577 ἔνθ’
284 542 325 577 ἂν
349 545 403 576 καὶ
427 545 490 576 νῦν
512 546 627 585 φανῇς,
650 545 756 586 pergit
781 545 1000 584 llarmonides,
1024 545 1226 577 συνθέουσιν
1250 545 1303 576 ἐπὶ
1327 546 1360 576 σὲ
1378 544 1501 582 πάντες
1517 541 1628 585 ὥσπερ
1645 544 1697 576 ἐπὶ
1718 543 1777 586 τὴν
1794 548 1921 586 γλαῦκα

188 595 229 629 τὰ
245 593 353 638 ὄρνεα.
397 597 476 628 Tres
492 597 590 637 igitur
606 596 726 637 gradus
742 597 823 628 inter
840 608 872 628 se
890 597 1122 629 discernuntur:
1140 597 1254 628 nemini
1274 601 1365 629 notus
1382 601 1450 628 erat
1467 597 1499 628 in
1516 595 1723 634 l'andionide,
1740 598 1871 628 victoria
1890 597 1921 629 in

187 647 385 680 Pandionide
398 651 560 689 reportata
572 658 684 679 nomen
698 649 774 687 eius,
791 659 859 679 eum
875 649 905 680 in
920 649 1017 680 Aiace
1031 648 1180 689 prodiret,
1197 649 1258 680 iam
1273 649 1418 680 onmihus
1431 652 1500 680 erat
1514 652 1630 680 notum.
1648 648 1711 679 illis
1724 654 1828 680 autem
1845 650 1921 689 ipsis

187 700 390 741 temporibus,
413 699 529 739 quibus
554 699 764 731 Harmonides
787 699 828 731 ad
853 701 1054 732 Timotheum
1078 700 1176 731 verba
1201 701 1287 732 facit.
1311 700 1455 731 omnihus
1480 700 1533 731 illc
1550 704 1619 731 erat
1637 710 1694 731 non
1712 700 1810 731 solum
1830 706 1921 732 notus

187 750 244 784 sed
267 751 478 783 desideratus.
524 751 675 783 Maiorem
700 752 960 792 perspicuitatem
987 752 1144 783 Lucianus
1168 752 1302 783 orationi
1328 752 1373 783 ita
1397 752 1511 782 afferre
1535 755 1670 793 poterat.
1695 756 1727 782 ut
1751 752 1920 783 scriberet:

186 798 308 844 ὥσπερ,
331 798 386 834 ὅτε
411 803 464 834 καὶ
490 801 539 841 σύ,
563 795 590 833 ὦ
618 801 764 843 Ἱιμόθέε,
788 801 826 834 τὸ
850 805 990 843 πρῶτον
1013 800 1126 834 ἐλθών
1161 803 1301 835 οἴκοθεν
1331 802 1367 834 ἐκ
1390 803 1559 840 Βοιωτίας
1589 802 1626 834 ἐν
1655 804 1693 843 τῇ
1724 803 1919 834 Πανδιονίδι

188 852 326 895 νικήσας
348 849 544 896 ὑπηύλησας
567 855 615 895 τῷ
632 854 751 886 Αἴαντι
775 880 780 886 .
804 880 819 894 .‚
844 851 955 892 ον’διὶς
978 851 1018 897 ἧν
1041 851 1076 892 ὃς
1100 850 1211 897 ἠγνόει
1231 852 1389 895 τοῦνομα.
1428 854 1636 886 Commutatis
1660 855 1743 886 inter
1765 865 1799 886 se
1816 854 1921 886 verbis

187 907 287 937 νικᾶν
309 908 342 937 et
364 900 531 938 ὑπαυλεῑν
555 905 662 937 rhetor
685 907 860 938 sententias
884 907 1042 947 pertersit,
1065 917 1124 937 non
1149 916 1210 946 quo
1239 905 1316 946 quid
1348 905 1445 937 vellet
1476 916 1535 937 non
1567 906 1646 937 satis
1678 905 1820 938 dilucide
1851 916 1921 947 pro-

186 960 326 999 poneret.
371 957 429 988 Cui
454 957 569 988 rationi
594 956 626 988 id
651 968 710 988 non
733 957 849 996 obstat,
873 957 958 997 quod
981 957 1023 988 ad
1046 953 1239 998 {mli-hsoag
1262 962 1293 988 et
1318 956 1461 989 dativum
1485 958 1524 997 τῇ
1548 957 1744 989 Πανδιονίδι
1769 962 1800 988 et
1824 958 1921 989 verba

186 1007 223 1040 ἐν
244 1009 294 1050 τῷ
316 1008 434 1040 Αἴαντι
459 1009 577 1040 referre
601 1009 751 1049 cogimur.
796 1009 863 1039 Iam
888 1009 1083 1040 Fritzschius
1100 1012 1171 1046 (Qu.
1188 1009 1221 1039 L.
1241 1008 1312 1049 160)
1337 1009 1550 1040 coniecturam
1575 1008 1727 1050 ἐνίκησας
1750 1008 1922 1050 repudians

186 1059 338 1091 librorum
362 1060 550 1101 scripturam
575 1060 621 1091 ita
644 1059 799 1099 defendit,
827 1064 861 1091 ut
891 1060 1104 1092 anacoluthon
1138 1060 1187 1091 vel
1219 1060 1420 1101 aposiopesin
1453 1070 1546 1100 qnam
1578 1059 1688 1092 dicunt
1718 1064 1792 1091 aute
1825 1060 1922 1092 verba

186 1107 297 1149 οὐδεὶς
313 1108 353 1153 ἦν
369 1124 398 1143 κ.
416 1124 442 1143 τ.
461 1114 488 1143 λ.
505 1111 707 1143 statuendam
725 1122 794 1143 esse
819 1111 947 1144 iudicet.
972 1122 1033 1152 qua
1058 1112 1321 1152 interpretatione
1346 1111 1433 1142 illum
1458 1112 1686 1143 sententiarum
1712 1122 1922 1153 progressum,

187 1161 227 1194 de
250 1173 312 1203 quo
335 1173 433 1204 supra
455 1162 698 1204 disputavimus,
721 1163 841 1194 servari
865 1162 1102 1195 concedendmn
1127 1167 1183 1194 est.

339 1214 545 1246 Notissimum
575 1218 623 1245 est
652 1214 732 1246 illud
764 1214 920 1246 rhetorice
954 1214 1082 1246 dicendi
1117 1224 1225 1255 genus.
1260 1224 1321 1255 quo
1357 1224 1524 1255 pronomen
1560 1214 1846 1247 demonstrativum
1880 1214 1922 1246 ad

185 1265 317 1306 aliquod
341 1265 529 1298 vocabulum
554 1265 638 1306 quod
663 1265 826 1298 antecedit
848 1265 929 1297 illud
953 1266 1071 1297 iterans
1096 1266 1240 1305 refertur,
1271 1276 1333 1306 qua
1366 1266 1520 1297 relatione
1551 1267 1687 1298 sermoni
1719 1267 1819 1298 maior
1850 1277 1921 1307 per-

185 1318 340 1359 spicuitas
370 1317 515 1350 affertur:
546 1327 639 1357 quam
672 1318 803 1358 figuram
832 1318 1033 1358 grammatici
1066 1318 1272 1359 epanalepsin
1306 1324 1434 1356 vocant,
1465 1317 1505 1349 de
1537 1328 1600 1358 qua
1631 1329 1663 1349 re
1695 1317 1922 1358 Bernhardyus

186 1369 289 1410 (Synt.
307 1370 368 1400 283
384 1368 437 1409 ss.)
460 1379 521 1401 non
545 1379 648 1410 pauca
671 1369 830 1401 disseruit.
876 1369 973 1401 Cuius
996 1370 1122 1410 generis
1146 1368 1232 1410 apud
1256 1369 1429 1401 Lucianum
1457 1379 1583 1409 quoque
1615 1369 1761 1411 exempla
1793 1374 1921 1400 exstant

185 1430 245 1453 non
270 1420 366 1460 nulla,
389 1420 477 1452 velut
502 1420 555 1451 Bis
578 1430 681 1452 accus.
698 1422 746 1452 1³4.
764 1421 812 1459 17,
831 1422 856 1456 1,
880 1420 931 1451 ubi
956 1430 1126 1461 pronomen
1151 1415 1258 1451 αὑτὸν
1281 1419 1323 1451 ad
1347 1431 1456 1451 vocem
1481 1416 1521 1451 ὃν
1545 1420 1598 1459 (se.
1620 1417 1681 1451 τὸν
1699 1418 1857 1461 διάλογον
1876 1422 1922 1453 16.

186 1471 239 1513 38)
263 1471 407 1512 refertur,
430 1472 483 1512 qui
508 1473 710 1503 accusativus
733 1482 752 1503 a
776 1472 872 1504 verbo
895 1482 951 1503 suo
979 1471 1089 1503 εἴθισα
1120 1472 1228 1503 multis
1259 1472 1424 1503 attributis
1451 1472 1612 1504 seiunctus
1643 1476 1699 1503 est.
1745 1472 1807 1503 Alii
1839 1472 1921 1503 eius-

186 1522 272 1555 modi
295 1523 355 1555 loci
379 1526 452 1555 sunt
475 1523 563 1564 Dips.
581 1526 608 1554 2.
625 1524 652 1556 8.
670 1525 708 1554 13
725 1533 757 1562 s.‚
780 1524 880 1554 Prom.
906 1523 923 1554 i.
945 1523 1030 1554 verb.
1047 1525 1074 1554 ἴ).
1094 1524 1140 1556 19,
1156 1524 1192 1554 21
1213 1534 1244 1556 s..
1268 1523 1342 1554 voe.
1359 1523 1422 1554 iud.
1439 1524 1465 1554 6.
1483 1525 1531 1555 59.
1549 1525 1588 1554 29
1605 1534 1628 1554 s.
1663 1524 1732 1554 Non
1750 1517 1849 1560 οὗτος
1865 1523 1921 1554 sed

186 1573 314 1612 ἐκεῖνος
337 1578 507 1616 usurpatur
531 1575 636 1606 Harm.
654 1577 680 1605 3.
700 1576 747 1614 15,
765 1576 803 1606 13
820 1585 842 1606 s.
888 1575 938 1605 Ab
961 1575 1021 1606 hac
1046 1574 1174 1606 dicendi
1199 1575 1322 1606 ratione
1343 1575 1445 1606 altera
1462 1575 1516 1606 illa
1534 1574 1651 1613 differt,
1667 1585 1727 1615 qua
1747 1575 1799 1606 καὶ
1819 1569 1921 1612 οὗτος

187 1625 299 1657 eadem
323 1626 391 1657 sere
414 1627 572 1658 sententia
597 1637 659 1667 qua
683 1626 735 1657 καὶ
762 1622 863 1663 αὐτὸς
894 1629 1073 1667 usurpatur.
1104 1630 1135 1657 et
1166 1626 1280 1657 iniuria
1313 1625 1376 1657 duo
1408 1626 1486 1658 haec
1519 1625 1647 1658 dicendi
1679 1636 1797 1667 genera
1828 1626 1919 1666 quasi

188 1676 272 1709 idem
297 1678 342 1709 ita
366 1677 531 1709 confundit
555 1677 737 1709 Schmidius
762 1678 870 1718 (Attio.
888 1678 899 1708 1
919 1679 1000 1717 239»,
1025 1682 1058 1709 ut
1082 1678 1207 1709 onmino
1232 1677 1316 1708 nulla
1341 1677 1557 1719 discrepantia
1588 1678 1670 1708 inter
1697 1688 1735 1709 ea
1767 1677 1920 1708 interesse

186 1728 343 1760 videatur.
388 1729 541 1761 Omnibus
565 1729 645 1760 enim
672 1729 717 1761 eis
747 1729 832 1762 loeis.
863 1739 941 1769 quos
972 1733 1043 1770 post
1074 1739 1143 1760 enm
1176 1729 1228 1769 qui
1261 1732 1309 1760 est
1335 1729 1440 1760 Voeal.
1465 1728 1528 1760 iud.
1552 1730 1592 1760 89
1616 1729 1718 1761 affert.
1741 1729 1794 1759 καὶ
1820 1722 1922 1766 οἶτος

187 1790 227 1812 ea
250 1781 373 1812 ratione
397 1781 532 1821 ponitur.
556 1785 589 1811 ut
613 1780 654 1811 ad
679 1779 762 1811 idem
786 1780 976 1812 voeabuhun
1000 1780 1080 1811 duas
1104 1780 1280 1811 sententias
1304 1780 1491 1811 referendas
1514 1790 1583 1811 esse
1614 1781 1834 1821 perspiciatur,
1865 1791 1920 1811 ex-

187 1832 290 1873 ceptis
313 1831 437 1863 duobus
466 1832 530 1862 illis
562 1832 639 1863 locis
670 1832 723 1871 qui
756 1835 829 1863 sunt
858 1832 923 1872 Iup.
948 1835 1027 1871 trag.
1051 1832 1100 1862 ao.
1125 1832 1194 1864 1413.
1218 1832 1258 1862 :38
1282 1836 1313 1863 et
1337 1831 1430 1863 Cone.
1454 1832 1546 1863 Deor.
1570 1833 1596 1862 4.
1624 1833 1691 1864 125.
1714 1833 1763 1871 24,
1787 1832 1840 1863 ubi
1864 1832 1916 1862 καὶ

187 1879 288 1921 αὐτὸς
311 1883 448 1925 positum
473 1887 530 1914 est.
575 1883 622 1914 De
647 1883 791 1914 omnibus
815 1883 863 1914 his
888 1883 965 1915 loeis
989 1883 1075 1914 nulla
1101 1882 1260 1914 dubitatio
1284 1893 1353 1914 esse
1376 1886 1482 1924 potest
1503 1886 1535 1914 ct
1552 1883 1649 1914 verba
1665 1883 1718 1914 καὶ
1736 1878 1821 1914 cti-tiz
1837 1893 1918 1923 quae

187 1937 261 1966 sunt
284 1935 352 1976 Iup.
375 1938 455 1976 trag.
479 1938 528 1973 250,
554 1936 622 1973 140,
645 1935 684 1966 :W
710 1935 769 1966 nisi
793 1935 822 1966 ei
847 1935 900 1974 qui
925 1945 995 1966 eum
1020 1935 1121 1965 locum
1146 1934 1260 1966 leviter
1284 1934 1542 1973 consideraverit,
1564 1944 1625 1974 quo
1642 1935 1828 1966 referantur.
1849 1945 1919 1975 per-

186 1986 329 2028 spicuum
346 1997 405 2018 non
422 1991 479 2018 est.
518 1987 682 2018 Pei-tinent
705 1987 787 2017 enim
812 1996 858 2019 eo,
881 1985 966 2027 quod
991 1986 1104 2027 Apollo
1129 1996 1225 2027 supra
1248 1990 1284 2025 (c.
1309 1986 1356 2016 29.
1383 1987 1451 2025 146,
1475 1986 1527 2021 29)
1552 1990 1585 2016 ut
1609 1986 1742 2018 'l'imocli
1768 1990 1919 2027 patronus

186 2037 237 2069 vel
260 2038 416 2080 interpres
443 2037 671 2078 adiungeretur
705 2042 858 2076 suaserat,
892 2048 962 2070 eum
995 2037 1081 2069 nulla
1113 2041 1247 2069 venuste
1278 2037 1406 2069 dicendi
1438 2037 1575 2069 facultas
1604 2038 1634 2069 in
1666 2048 1702 2069 eo
1735 2038 1801 2068 viro
1826 2042 1918 2069 esset.

185 2089 299 2131 Apollo
331 2090 428 2131 igitur
458 2090 592 2122 Timoeli
624 2090 791 2122 confertur.
844 2090 910 2121 Iam
944 2090 1137 2121 Fritzsehius
1171 2093 1240 2128 (Qu.
1265 2089 1297 2120 L.
1320 2090 1360 2120 355
1384 2088 1436 2125 ss.)
1471 2088 1511 2120 de
1547 2089 1605 2121 boc
1640 2088 1768 2120 dicendi
1802 2099 1918 2130 genere

185 2141 366 2174 accuratius
389 2141 576 2183 disputavit,
601 2141 683 2173 unde
707 2152 769 2182 quo
793 2142 848 2173 illa
874 2142 970 2173 verba
994 2142 1046 2173 καὶ
1073 2135 1173 2179 οὗτος
1197 2140 1365 2173 referenda
1389 2141 1452 2173 sint
1476 2151 1535 2172 non
1561 2141 1704 2172 omnibus
1728 2140 1806 2172 loeis
1827 2146 1917 2172 extra

186 2202 308 2224 omnem
331 2191 562 2225 dubitationem
587 2193 723 2234 positum
747 2203 818 2225 esse
842 2193 937 2225 facile
961 2192 1166 2234 intellegitur.

338 2296 379 2329 II.
424 2296 516 2335 Quod
541 2297 685 2339 plurimis
709 2297 824 2337 quibus
849 2297 999 2328 Lucianei
1024 2296 1124 2328 libelli
1148 2295 1260 2328 traditi
1285 2301 1357 2328 sunt
1381 2296 1545 2328 codicibus
1569 2295 1752 2327 melioribus
1776 2295 1918 2336 contigit.

187 2350 222 2379 ut
245 2348 383 2380 virorum
406 2348 570 2381 doctorum
594 2348 634 2380 de
659 2349 704 2379 eis
728 2348 848 2380 iudicia
872 2348 966 2380 valde
990 2349 1073 2380 inter
1102 2359 1136 2380 se.
1160 2348 1351 2390 discrepent,
1383 2348 1415 2379 id
1446 2347 1548 2379 codici
1582 2347 1757 2379 Gorlicensi
1791 2351 1918 2388 praeter

187 2402 310 2431 ceteros
333 2400 460 2441 accidit,
484 2401 602 2442 quippe
627 2411 719 2441 quem
746 2400 936 2432 lacobitzius
959 2404 991 2431 et
1020 2400 1214 2432 Fritzschius
1237 2401 1317 2432 tanti
1343 2399 1592 2431 aestimaverint.
1623 2404 1656 2430 ut
1685 2409 1754 2430 eum
1779 2398 1917 2429 maxime

186 2450 217 2482 in
241 2453 333 2483 textu
357 2452 411 2492 qui
434 2456 567 2484 vocatur
590 2451 812 2485 constituendo
836 2455 1052 2492 sequerentur,
1076 2451 1220 2483 Rhodius
1244 2452 1274 2483 in
1299 2451 1476 2493 appendice
1507 2450 1606 2482 libelli
1638 2461 1730 2490 quem
1755 2449 1795 2481 de
1820 2449 1917 2481 Asino

186 2501 290 2534 edidit
313 2504 354 2545 (p.
378 2504 464 2545 Hs.)
488 2506 598 2546 utpote
632 2504 758 2536 omnino
782 2504 985 2536 observantia
1010 2502 1173 2545 indignum
1205 2503 1368 2536 abiecerit,
1399 2501 1686 2534 Sommerbr«›dtius
1718 2502 1746 2532 in
1779 2501 1918 2532 editione

1698 2563 1712 2587 2
